@electronic{octogithub,
    author = {{GitHub}},
    title = {{The State of the Octoverse}},
    year = 2019,
    note = {Accessed on: May 28, 2020},
    url = {https://octoverse.github.com/}
}

@electronic{sofaanti,
    author = {{sofa}},
    title = {{SOA Antipatterns}},
    note = {Accessed on: May 28, 2020},
    url = {http://sofa.uqam.ca/resources/antipatterns.php}
}

@electronic{sofapatt,
    author = {{sofa}},
    title = {{SOA patterns}},
    note = {Accessed on: May 28, 2020},
    url = {http://sofa.uqam.ca/resources/patterns.php}
}

@electronic{typescript,
    author = {{Microsoft}},
    title = {{TypeScript}},
    year = 2020,
    note = {Accessed on: May 28, 2020},
    url = {https://www.typescriptlang.org/}
}

@electronic{nodejs,
    author = {{OpenJS Foundation and Joyent Inc.}},
    title = {{About Node.js}},
    note = {Accessed on: May 28, 2020},
    url = {https://nodejs.org/en/about/}
}

@electronic{wikipediahttp,
    author = {{Wikipedia}},
    title = {{List of HTTP header fields}},
    year = 2020,
    note = {Accessed on: May 28, 2020},
    url = {https://en.wikipedia.org/wiki/List_of_HTTP_header_fields}
}

@misc{restdissertation,
    title = {{Architectural Styles and the Design of Network-based Software Architectures}},
    
    url = {https://www.ics.uci.edu/~fielding/pubs/dissertation/fielding_dissertation.pdf},
    
    author = {Roy Thomas Fielding},
    
    year = {Ph.D. thesis, Information and Computer Science, University of California, Irvine, California, 2000}
}

@article{linguistic,
    author = {F. Palma and J. Gonzalez-Huerta and M. Founi and N. Moha and G. Tremblay and Y. G. Guéhéneuc},
    
    title = {{Semantic analysis of RESTful APIs for the detection of linguistic patterns and antipatterns}},
    
    year = 2017,
    
    journal = {International Journal of Cooperative Information Systems},
    
    volume = 26,
    
    pages = {1-37}
}

@misc{design,
    title = {{Detection of REST Patterns and Antipatterns: A Heuristics-Based Approach}},
    
    author = {F. Palma and J. Dubois and N. Moha and Y. G. Guéhéneuc},
    
    year = {in Service-Oriented Computing, eds. X. Franch, A. Ghose, G. Lewis and S. Bhiri, Lecture Notes in Computer Science, Vol. 8831 (Springer, Berlin, 2014), pp. 230–244}
}

@misc{arnaoudova,
    title = {{Linguistic antipatterns: What they are and how developers perceive them}},

    author = {V. Arnaoudova and M. Di Penta and G. Antoniol},
    
    year = {Empir. Softw. Eng. 21(1) (2015)104–158}
}
