@electronic{courseroom,
author = {{Linnaeus University}},
title = {Course {R}oom for {D}egree {P}rojects},
year = 2015,
url = {https://mymoodle.lnu.se/course/view.php?id=5297\#section-4}
}
@electronic{ieeeguide,
author = {{Monash University}},
title = {Citing and referencing: {IEEE}},
year = 2015,
month = {Oct. 13},
url = {http://guides.lib.monash.edu/citing-referencing/ieee}
}
@article{bigdata,
author = {C. Lynch},
title = {Big data: {H}ow do your data grow?},
year = 2008,
journal = {Nature},
volume = 455,
pages = {28-29}
}
@book{ai,
author = {S. Russell and P. Norvig},
edition = {3rd},
publisher = {Prentice {H}all},
title = {{Artificial Intelligence: A Modern Approach}},
year = {2010}
}
@InProceedings{bigdata2,
  title={{Big data and cloud computing: current state and future opportunities}},
  booktitle={{Proceedings of the 14th International Conference on Extending Database Technology}},
  author={D. Agrawal and S. Das and A. E. Abbadi},
  pages = {530-533},
  year={2011}
}

@electronic{octogithub,
    author = {{GitHub}},
    title = {{The State of the Octoverse}},
    year = 2019,
    note = {Accessed on: May 28, 2020},
    url = {https://octoverse.github.com/}
}

@electronic{typescript,
    author = {{Microsoft}},
    title = {{TypeScript}},
    year = 2020,
    note = {Accessed on: May 28, 2020},
    url = {https://www.typescriptlang.org/}
}

@electronic{nodejs,
    author = {{OpenJS Foundation and Joyent Inc.}},
    title = {{About Node.js}},
    note = {Accessed on: May 28, 2020},
    url = {https://nodejs.org/en/about/}
}

@electronic{wikipediahttp,
    author = {{Wikipedia}},
    title = {{List of HTTP header fields}},
    year = 2020,
    note = {Accessed on: May 28, 2020},
    url = {https://en.wikipedia.org/wiki/List_of_HTTP_header_fields}
}

@misc{restdissertation,
    title = {{Architectural Styles and the Design of Network-based Software Architectures}},
    
    url = {https://www.ics.uci.edu/~fielding/pubs/dissertation/fielding_dissertation.pdf},
    
    author = {Roy Thomas Fielding},
    
    year = {Ph.D. thesis, Information and Computer Science, University of California, Irvine, California, 2000}
}

@article{linguistic,
    author = {F. Palma and J. Gonzalez-Huerta and M. Founi and N. Moha and G. Tremblay and Y. G. Guéhéneuc},
    
    title = {{Semantic analysis of RESTful APIs for the detection of linguistic patterns and antipatterns}},
    
    year = 2017,
    
    journal = {International Journal of Cooperative Information Systems},
    
    volume = 26,
    
    pages = {1-37}
}

@misc{design,
    title = {{Detection of REST Patterns and Antipatterns: A Heuristics-Based Approach}},
    
    author = {F. Palma and J. Dubois and N. Moha and Y. G. Guéhéneuc},
    
    year = {in Service-Oriented Computing, eds. X. Franch, A. Ghose, G. Lewis and S. Bhiri, Lecture Notes in Computer Science, Vol. 8831 (Springer, Berlin, 2014), pp. 230–244}
}

@misc{arnaoudova,
    title = {{Linguistic antipatterns: What they are and how developers perceive them}},

    author = {V. Arnaoudova and M. Di Penta and G. Antoniol},
    
    year = {Empir. Softw. Eng. 21(1) (2015)104–158}
}

