@misc{octogithub,
    author = {{GitHub}},
    title = {{The State of the Octoverse}},
    year = 2019,
    note = {Accessed on: May 28, 2020},
    url = {https://octoverse.github.com/}
}

@misc{phico,
    author = {{Statistics How To}},
    title = {{Phi Coefficient (Mean Square Contingency Coefficient)}},
    year = 2020,
    note = {Accessed on: June 10, 2020},
    url = {https://www.statisticshowto.com/phi-coefficient-mean-square-contingency-coefficient/}
}

@misc{sofaanti,
    author = {F. Palma and J. Gonzalez-Huerta and M. Founi and N. Moha and G. Tremblay and Y. G. Guéhéneuc},
    title = {{SOA Antipatterns}},
    note = {Accessed on: May 28, 2020},
    url = {http://sofa.uqam.ca/resources/antipatterns.php}
}

@misc{sofapatt,
    author = {{sofa}},
    title = {{SOA Patterns}},
    note = {Accessed on: May 28, 2020},
    url = {http://sofa.uqam.ca/resources/patterns.php}
}

@misc{typescript,
    author = {{Microsoft}},
    title = {{TypeScript}},
    year = 2020,
    note = {Accessed on: May 28, 2020},
    url = {https://www.typescriptlang.org/}
}

@misc{nodejs,
    author = {{OpenJS Foundation and Joyent Inc.}},
    title = {{About Node.js}},
    note = {Accessed on: May 28, 2020},
    url = {https://nodejs.org/en/about/}
}

@electronic{wikipediahttp,
    author = {{Wikipedia}},
    title = {{List of HTTP header fields}},
    year = 2020,
    note = {Accessed on: May 28, 2020},
    url = {https://en.wikipedia.org/wiki/List\_of\_HTTP_header\_fields}
}

@book{restdissertation,
  title={Architectural styles and the design of network-based software architectures},
  author={Fielding, Roy T and Taylor, Richard N},
  volume={7},
  year={2000},
  publisher={University of California, Irvine Irvine}
}


@article{linguistic,
  title={Semantic analysis of restful apis for the detection of linguistic patterns and antipatterns},
  author={Palma, Francis and Gonzalez-Huerta, Javier and Founi, Mohamed and Moha, Naouel and Tremblay, Guy and Gu{\'e}h{\'e}neuc, Yann-Ga{\"e}l},
  journal={International Journal of Cooperative Information Systems},
  volume={26},
  number={02},
  pages={1742001},
  year={2017},
  publisher={World Scientific}
}

@inproceedings{design,
  title={Detection of REST patterns and antipatterns: a heuristics-based approach},
  author={Palma, Francis and Dubois, Johann and Moha, Naouel and Gu{\'e}h{\'e}neuc, Yann-Ga{\"e}l},
  booktitle={International Conference on Service-Oriented Computing},
  pages={230--244},
  year={2014},
  organization={Springer}
}

@article{arnaoudova,
  title={Linguistic antipatterns: What they are and how developers perceive them},
  author={Arnaoudova, Venera and Di Penta, Massimiliano and Antoniol, Giuliano},
  journal={Empirical Software Engineering},
  volume={21},
  number={1},
  pages={104--158},
  year={2016},
  publisher={Springer}
}